% bib.bib — THOR-FP ArXiv References (Bloc 31)

@misc{ichai_thor_fp,
  author = {Alexandre ICHAÏ},
  title = {THOR-FP: Unified Scalar Topological Physics (\(\theta_0 = 42\pi\))},
  year = {2025},
  howpublished = {\url{https://www.thor.love}},
  note = {Open science repository. ArXiv preprint pending.}
}
